@online{securityvision,
  title   = {КИИ - что это? Безопасность объектов критической информационной инфраструктуры},
  author  = {Руслан Рахметов, SecurityVision},
  year    = {2020},
  month   = may,
  day     = 20,
  url     = {https://www.securityvision.ru/blog/kii-chto-eto/?ysclid=m50zyy57ya14823063},
  urldate = {2024-12-23}
}

@online{habr_kii,
  title   = {КИИ. Что это за зверь и надо ли нам его бояться},
  author  = {ElenaGalata, Цифра},
  year    = {2024},
  month   = dec,
  day     = 13,
  url     = {https://habr.com/ru/companies/zyfra/articles/866230/},
  urldate = {2024-12-23}
}
