@misc{Win10_4369,
  title = {Сертификат ФСТЭК России № 4369},
  year = {2022},
  organization = {ФСТЭК России},
  note = {Сертификат соответствия № 4369 выдан операционной системе Microsoft Windows 10}
}